<?xml version="1.0" encoding="UTF-8"?><collection xmlns="http://www.loc.gov/MARC21/slim"><record><leader>00480nam--2200181-u-4500</leader><controlfield tag="001">000056747</controlfield><controlfield tag="002">20190515</controlfield><controlfield tag="005">20190515025005</controlfield><controlfield tag="008">190515s1000------------r-----000-0-rum-d</controlfield><datafield ind1=" " ind2=" " tag="040"><subfield code="a">IFIN-HH</subfield></datafield><datafield ind1=" " ind2=" " tag="041"><subfield code="a">rum</subfield></datafield><datafield ind1="1" ind2=" " tag="100"><subfield code="a">Hadamard, Jaques</subfield></datafield><datafield ind1="1" ind2="0" tag="245"><subfield code="a">Lectii de geometrie elementara. Geometrie in spatiu</subfield><subfield code="c">Jacques Hadamard</subfield></datafield><datafield ind1=" " ind2=" " tag="260"><subfield code="a">Bucuresti</subfield><subfield code="b">Editura Tehnica</subfield><subfield code="c">1961</subfield></datafield><datafield ind1=" " ind2=" " tag="300"><subfield code="a">539 p</subfield></datafield><datafield ind1=" " ind2=" " tag="500"><subfield code="a">Domanie Brancus</subfield></datafield><datafield ind1=" " ind2=" " tag="852"><subfield code="a">82731</subfield><subfield code="c">513</subfield></datafield><datafield ind1=" " ind2=" " tag="CAT"><subfield code="a">SYS</subfield><subfield code="c">20190515</subfield><subfield code="h">025005</subfield></datafield></record></collection>